@article{draper,
	title={Addition on a quantum computer},
	author={Draper, Thomas G},
	journal={arXiv preprint quant-ph/0008033},
	year={2000}
}